<?xml version="1.0" encoding="UTF-8"?><collection xmlns="http://www.loc.gov/MARC21/slim"><record><leader>00508nam--2200181-i-4500</leader><controlfield tag="001">000019534</controlfield><controlfield tag="002">20161230</controlfield><controlfield tag="005">20161230201033</controlfield><controlfield tag="008">060222s1000------------r-----000-0-eng-d</controlfield><datafield ind1=" " ind2=" " tag="040"><subfield code="a">IFIN-HH</subfield></datafield><datafield ind1=" " ind2=" " tag="080"><subfield code="a">539.1</subfield></datafield><datafield ind1="1" ind2=" " tag="100"><subfield code="a">Fano, U</subfield></datafield><datafield ind1=" " ind2=" " tag="245"><subfield code="a">Physics of atoms and molecules</subfield><subfield code="b">An introduction to the structure of matter</subfield><subfield code="c">U. fano, l. fano</subfield></datafield><datafield ind1=" " ind2=" " tag="260"><subfield code="a">Chicago</subfield><subfield code="b">The University Of Chicago Press</subfield><subfield code="c">1972</subfield></datafield><datafield ind1=" " ind2=" " tag="300"><subfield code="a">XIV + 592 P</subfield></datafield><datafield ind1="1" ind2=" " tag="700"><subfield code="a">Fano, L</subfield></datafield><datafield ind1=" " ind2=" " tag="852"><subfield code="a">41230</subfield><subfield code="c">539</subfield></datafield><datafield ind1=" " ind2=" " tag="CAT"><subfield code="a">Sys</subfield><subfield code="c">20111010</subfield><subfield code="h">161014</subfield></datafield></record></collection>